<record><leader>00000cas a2200000 a 4500</leader><controlfield tag="001">12422836</controlfield><controlfield tag="008">850824d18841892ksuwr ne      0    0eng d</controlfield><datafield ind1=" " ind2=" " tag="010"><subfield code="a">sn 85031893 </subfield></datafield><datafield ind1=" " ind2=" " tag="040"><subfield code="a">KSH</subfield><subfield code="b">eng</subfield><subfield code="c">KSH</subfield><subfield code="d">NPT</subfield><subfield code="d">OCL</subfield><subfield code="d">OCLCQ</subfield></datafield><datafield ind1=" " ind2=" " tag="042"><subfield code="a">msc</subfield></datafield><datafield ind1="0" ind2=" " tag="130"><subfield code="a">Mercury (Manhattan, Kan.)</subfield></datafield><datafield ind1="1" ind2="4" tag="245"><subfield code="a">The mercury.</subfield></datafield><datafield ind1=" " ind2=" " tag="260"><subfield code="a">Manhattan, Kan. :</subfield><subfield code="b">Davis &amp; Patee,</subfield><subfield code="c">1884-1892.</subfield></datafield><datafield ind1=" " ind2=" " tag="300"><subfield code="a">8 v. :</subfield><subfield code="b">ill. (chiefly advertisements) ;</subfield><subfield code="c">50 cm.</subfield></datafield><datafield ind1=" " ind2=" " tag="310"><subfield code="a">Weekly</subfield></datafield><datafield ind1="0" ind2=" " tag="362"><subfield code="a">Vol. 1, no. 1 (May 9, 1884)-v. 8, no. 413 (Mar. 30, 1892).</subfield></datafield><datafield ind1=" " ind2=" " tag="500"><subfield code="a">Published by: J.J. Davis, Feb. 18, 1885-July 7, 1886; Davis Bros., July 14, 1886-Apr. 6, 1887; J.J. Davis, Apr. 13, 1887-Mar. 30, 1892.</subfield></datafield><datafield ind1=" " ind2=" " tag="500"><subfield code="a">"Democratic."</subfield></datafield><datafield ind1=" " ind2=" " tag="752"><subfield code="a">United States</subfield><subfield code="b">Kansas</subfield><subfield code="c">Riley</subfield><subfield code="d">Manhattan.</subfield></datafield><datafield ind1="0" ind2="0" tag="785"><subfield code="t">Manhattan mercury (Manhattan, Kan. : 1892)</subfield><subfield code="w">(DLC)sn 85031894</subfield></datafield><datafield ind1="1" ind2=" " tag="029"><subfield code="a">AU@</subfield><subfield code="b">000022164665</subfield></datafield></record>